
@article{bechtle2020metalearning,
  title = {Meta-{{Learning}} via {{Learned Loss}}},
  author = {Bechtle, Sarah and Molchanov, Artem and Chebotar, Yevgen and Grefenstette, Edward and Righetti, Ludovic and Sukhatme, Gaurav and Meier, Franziska},
  year = {2020},
  archivePrefix = {arXiv},
  eprint = {1906.05374},
  eprinttype = {arxiv},
  journal = {arXiv:1906.05374 [cs, stat]},
  primaryClass = {cs, stat}
}

@inproceedings{houthooft2018evolved,
  ids = {houthooft2018evolveda},
  title = {Evolved Policy Gradients},
  booktitle = {Advances in {{Neural Information Processing Systems}}},
  author = {Houthooft, Rein and Chen, Yuhua and Isola, Phillip and Stadie, Bradly and Wolski, Filip and Ho, OpenAI Jonathan and Abbeel, Pieter},
  year = {2018},
  pages = {5400--5409}
}

@article{lutter2019deep,
  title = {Deep Lagrangian Networks: {{Using}} Physics as Model Prior for Deep Learning},
  author = {Lutter, Michael and Ritter, Christian and Peters, Jan},
  year = {2019},
  archivePrefix = {arXiv},
  eprint = {1907.04490},
  eprinttype = {arxiv},
  journal = {arXiv preprint arXiv:1907.04490}
}

@article{sung2017learning,
  ids = {sung2017learninga},
  title = {Learning to Learn: {{Meta}}-Critic Networks for Sample Efficient Learning},
  author = {Sung, Flood and Zhang, Li and Xiang, Tao and Hospedales, Timothy and Yang, Yongxin},
  year = {2017},
  archivePrefix = {arXiv},
  eprint = {1706.09529},
  eprinttype = {arxiv},
  journal = {arXiv preprint arXiv:1706.09529}
}


