
@inproceedings{barron2019general,
  title = {A General and Adaptive Robust Loss Function},
  booktitle = {Proceedings of the {{IEEE Conference}} on {{Computer Vision}} and {{Pattern Recognition}}},
  author = {Barron, Jonathan T},
  year = {2019},
  pages = {4331--4339}
}

@article{bechtle2020metalearning,
  title = {Meta-{{Learning}} via {{Learned Loss}}},
  author = {Bechtle, Sarah and Molchanov, Artem and Chebotar, Yevgen and Grefenstette, Edward and Righetti, Ludovic and Sukhatme, Gaurav and Meier, Franziska},
  year = {2020},
  archivePrefix = {arXiv},
  eprint = {1906.05374},
  eprinttype = {arxiv},
  journal = {arXiv:1906.05374 [cs, stat]},
  primaryClass = {cs, stat}
}

@inproceedings{dai2018coupled,
  title = {Coupled Variational Bayes via Optimization Embedding},
  booktitle = {Advances in {{Neural Information Processing Systems}}},
  author = {Dai, Bo and Dai, Hanjun and He, Niao and Liu, Weiyang and Liu, Zhen and Chen, Jianshu and Xiao, Lin and Song, Le},
  year = {2018},
  pages = {9690--9700}
}

@inproceedings{elsken2020metalearning,
  ids = {elsken2020metalearninga},
  title = {Meta-{{Learning}} of {{Neural Architectures}} for {{Few}}-{{Shot Learning}}},
  booktitle = {Proceedings of the {{IEEE}}/{{CVF Conference}} on {{Computer Vision}} and {{Pattern Recognition}}},
  author = {Elsken, Thomas and Staffler, Benedikt and Metzen, Jan Hendrik and Hutter, Frank},
  year = {2020},
  pages = {12365--12375}
}

@article{elskenneural,
  title = {Neural {{Architecture Search}}: {{A Survey}}},
  author = {Elsken, Thomas and Metzen, Jan Hendrik and Hutter, Frank},
  pages = {21}
}

@article{finn2017modelagnostic,
  ids = {finn2017modelagnostica},
  title = {Model-Agnostic Meta-Learning for Fast Adaptation of Deep Networks},
  author = {Finn, Chelsea and Abbeel, Pieter and Levine, Sergey},
  year = {2017},
  archivePrefix = {arXiv},
  eprint = {1703.03400},
  eprinttype = {arxiv},
  journal = {arXiv preprint arXiv:1703.03400}
}

@article{grant2018recasting,
  ids = {grant2018recastinga},
  title = {Recasting {{Gradient}}-{{Based Meta}}-{{Learning}} as {{Hierarchical Bayes}}},
  author = {Grant, Erin and Finn, Chelsea and Levine, Sergey and Darrell, Trevor and Griffiths, Thomas},
  year = {2018},
  archivePrefix = {arXiv},
  eprint = {1801.08930},
  eprinttype = {arxiv},
  journal = {arXiv:1801.08930 [cs]},
  primaryClass = {cs}
}

@article{hospedales2020metalearning,
  title = {Meta-{{Learning}} in {{Neural Networks}}: {{A Survey}}},
  author = {Hospedales, Timothy and Antoniou, Antreas and Micaelli, Paul and Storkey, Amos},
  year = {2020},
  archivePrefix = {arXiv},
  eprint = {2004.05439},
  eprinttype = {arxiv},
  journal = {arXiv:2004.05439 [cs, stat]},
  primaryClass = {cs, stat}
}

@article{kim2018autometa,
  title = {Auto-Meta: {{Automated}} Gradient Based Meta Learner Search},
  author = {Kim, Jaehong and Lee, Sangyeul and Kim, Sungwan and Cha, Moonsu and Lee, Jung Kwon and Choi, Youngduck and Choi, Yongseok and Cho, Dong-Yeon and Kim, Jiwon},
  year = {2018},
  archivePrefix = {arXiv},
  eprint = {1806.06927},
  eprinttype = {arxiv},
  journal = {arXiv preprint arXiv:1806.06927}
}

@inproceedings{lian2019fast,
  title = {Towards {{Fast Adaptation}} of {{Neural Architectures}} with {{Meta Learning}}},
  booktitle = {International {{Conference}} on {{Learning Representations}}},
  author = {Lian, Dongze and Zheng, Yin and Xu, Yintao and Lu, Yanxiong and Lin, Leyu and Zhao, Peilin and Huang, Junzhou and Gao, Shenghua},
  year = {2019}
}

@article{liu2019darts,
  title = {{{DARTS}}: {{Differentiable Architecture Search}}},
  author = {Liu, Hanxiao and Simonyan, Karen and Yang, Yiming},
  year = {2019},
  archivePrefix = {arXiv},
  eprint = {1806.09055},
  eprinttype = {arxiv},
  journal = {arXiv:1806.09055 [cs, stat]},
  primaryClass = {cs, stat}
}

@article{nichol2018firstorder,
  title = {On {{First}}-{{Order Meta}}-{{Learning Algorithms}}},
  author = {Nichol, Alex and Achiam, Joshua and Schulman, John},
  year = {2018},
  archivePrefix = {arXiv},
  eprint = {1803.02999},
  eprinttype = {arxiv},
  journal = {arXiv:1803.02999 [cs]},
  primaryClass = {cs}
}

@article{rajeswaran2019metalearning,
  title = {Meta-{{Learning}} with {{Implicit Gradients}}},
  author = {Rajeswaran, Aravind and Finn, Chelsea and Kakade, Sham and Levine, Sergey},
  year = {2019},
  archivePrefix = {arXiv},
  eprint = {1909.04630},
  eprinttype = {arxiv},
  journal = {arXiv:1909.04630 [cs, math, stat]},
  primaryClass = {cs, math, stat}
}

@inproceedings{shaw2019meta,
  ids = {shaw2019metaa},
  title = {Meta Architecture Search},
  booktitle = {Advances in {{Neural Information Processing Systems}}},
  author = {Shaw, Albert and Wei, Wei and Liu, Weiyang and Song, Le and Dai, Bo},
  year = {2019},
  pages = {11227--11237}
}

@article{zhou2019bayesnas,
  title = {{{BayesNAS}}: {{A Bayesian Approach}} for {{Neural Architecture Search}}},
  author = {Zhou, Hongpeng and Yang, Minghao and Wang, Jun and Pan, Wei},
  year = {2019},
  archivePrefix = {arXiv},
  eprint = {1905.04919},
  eprinttype = {arxiv},
  journal = {arXiv:1905.04919 [cs, stat]},
  primaryClass = {cs, stat}
}

@inproceedings{zoph2018learning,
  title = {Learning {{Transferable Architectures}} for {{Scalable Image Recognition}}},
  booktitle = {2018 {{IEEE}}/{{CVF Conference}} on {{Computer Vision}} and {{Pattern Recognition}}},
  author = {Zoph, Barret and Vasudevan, Vijay and Shlens, Jonathon and Le, Quoc V.},
  year = {2018},
  pages = {8697--8710},
  publisher = {{IEEE}}
}


