
@misc{brownlee2019snapshot,
  title = {Snapshot {{Ensemble Deep Learning Neural Network}} in {{Python}} ({{https://machinelearningmastery.com/snapshot-ensemble-deep-learning-neural-network/)}}},
  author = {Brownlee, Jason},
  year = {2019},
  journal = {Machine Learning Mastery}
}

@article{fort2020deep,
  ids = {fort2020deepa},
  title = {Deep {{Ensembles}}: {{A Loss Landscape Perspective}}},
  author = {Fort, Stanislav and Hu, Huiyi and Lakshminarayanan, Balaji},
  year = {2020},
  archivePrefix = {arXiv},
  eprint = {1912.02757},
  eprinttype = {arxiv},
  journal = {arXiv:1912.02757 [cs, stat]},
  primaryClass = {cs, stat}
}

@inproceedings{garipov2018loss,
  ids = {garipov2018lossa},
  title = {Loss Surfaces, Mode Connectivity, and Fast Ensembling of Dnns},
  booktitle = {Advances in {{Neural Information Processing Systems}}},
  author = {Garipov, Timur and Izmailov, Pavel and Podoprikhin, Dmitrii and Vetrov, Dmitry P and Wilson, Andrew G},
  year = {2018},
  pages = {8789--8798}
}

@article{gotmare2018using,
  title = {Using Mode Connectivity for Loss Landscape Analysis},
  author = {Gotmare, Akhilesh and Keskar, Nitish Shirish and Xiong, Caiming and Socher, Richard},
  year = {2018},
  journal = {arXiv preprint arXiv:1806.06977}
}

@article{gur-ari2018gradient,
  title = {Gradient Descent Happens in a Tiny Subspace},
  author = {{Gur-Ari}, Guy and Roberts, Daniel A and Dyer, Ethan},
  year = {2018},
  journal = {arXiv preprint arXiv:1812.04754}
}

@article{huang2017snapshot,
  ids = {huang2017snapshota},
  title = {Snapshot {{Ensembles}}: {{Train}} 1, Get {{M}} for Free},
  author = {Huang, Gao and Li, Yixuan and Pleiss, Geoff and Liu, Zhuang and Hopcroft, John E. and Weinberger, Kilian Q.},
  year = {2017},
  archivePrefix = {arXiv},
  eprint = {1704.00109},
  eprinttype = {arxiv},
  journal = {arXiv:1704.00109 [cs]},
  primaryClass = {cs}
}

@article{izmailov2019averaging,
  ids = {izmailov2018averaging},
  title = {Averaging {{Weights Leads}} to {{Wider Optima}} and {{Better Generalization}}},
  author = {Izmailov, Pavel and Podoprikhin, Dmitrii and Garipov, Timur and Vetrov, Dmitry and Wilson, Andrew Gordon},
  year = {2019},
  archivePrefix = {arXiv},
  eprint = {1803.05407},
  eprinttype = {arxiv},
  journal = {arXiv:1803.05407 [cs, stat]},
  primaryClass = {cs, stat}
}

@inproceedings{izmailov2019subspace,
  ids = {izmailov2020subspace},
  title = {Subspace Inference for {{Bayesian}} Deep Learning},
  booktitle = {{{arXiv}} Preprint {{arXiv}}:1907.07504},
  author = {Izmailov, Pavel and Maddox, Wesley J and Kirichenko, Polina and Garipov, Timur and Vetrov, Dmitry and Wilson, Andrew Gordon},
  year = {2019}
}

@article{li2018measuring,
  title = {Measuring the {{Intrinsic Dimension}} of {{Objective Landscapes}}},
  author = {Li, Chunyuan and Farkhoor, Heerad and Liu, Rosanne and Yosinski, Jason},
  year = {2018},
  archivePrefix = {arXiv},
  eprint = {1804.08838},
  eprinttype = {arxiv},
  journal = {arXiv:1804.08838 [cs, stat]},
  primaryClass = {cs, stat}
}

@article{loshchilov2016sgdr,
  title = {Sgdr: {{Stochastic}} Gradient Descent with Warm Restarts},
  author = {Loshchilov, Ilya and Hutter, Frank},
  year = {2016},
  journal = {arXiv preprint arXiv:1608.03983}
}

@article{loshchilov2019decoupled,
  title = {Decoupled {{Weight Decay Regularization}}},
  author = {Loshchilov, Ilya and Hutter, Frank},
  year = {2019},
  archivePrefix = {arXiv},
  eprint = {1711.05101},
  eprinttype = {arxiv},
  journal = {arXiv:1711.05101 [cs, math]},
  primaryClass = {cs, math}
}

@inproceedings{maddox2019simple,
  ids = {maddox2019simplea,maddox2019simpleb},
  title = {A Simple Baseline for Bayesian Uncertainty in Deep Learning},
  booktitle = {Advances in {{Neural Information Processing Systems}}},
  author = {Maddox, Wesley J and Izmailov, Pavel and Garipov, Timur and Vetrov, Dmitry P and Wilson, Andrew Gordon},
  year = {2019},
  pages = {13153--13164}
}

@article{mandt2017stochastic,
  ids = {mandt2017stochastica},
  title = {Stochastic Gradient Descent as Approximate Bayesian Inference},
  author = {Mandt, Stephan and Hoffman, Matthew D and Blei, David M},
  year = {2017},
  volume = {18},
  pages = {4873--4907},
  publisher = {{JMLR. org}},
  journal = {The Journal of Machine Learning Research}
}

@article{polyak1992acceleration,
  title = {Acceleration of Stochastic Approximation by Averaging},
  author = {Polyak, Boris T and Juditsky, Anatoli B},
  year = {1992},
  volume = {30},
  pages = {838--855},
  publisher = {{SIAM}},
  journal = {SIAM journal on control and optimization}
}

@inproceedings{smith2017cyclical,
  title = {Cyclical Learning Rates for Training Neural Networks},
  booktitle = {2017 {{IEEE Winter Conference}} on {{Applications}} of {{Computer Vision}} ({{WACV}})},
  author = {Smith, Leslie N},
  year = {2017},
  pages = {464--472},
  publisher = {{IEEE}}
}

@article{xie2013horizontal,
  title = {Horizontal and Vertical Ensemble with Deep Representation for Classification},
  author = {Xie, Jingjing and Xu, Bing and Chuang, Zhang},
  year = {2013},
  journal = {arXiv preprint arXiv:1306.2759}
}


