
@article{ahn2012bayesian,
  title = {Bayesian {{Posterior Sampling}} via {{Stochastic Gradient Fisher Scoring}}},
  author = {Ahn, Sungjin and Korattikara, Anoop and Welling, Max},
  year = {2012},
  archivePrefix = {arXiv},
  eprint = {1206.6380},
  eprinttype = {arxiv},
  journal = {arXiv:1206.6380 [cs, stat]},
  primaryClass = {cs, stat}
}

@article{antoran2020depth,
  title = {Depth {{Uncertainty}} in {{Neural Networks}}},
  author = {Antor{\'a}n, Javier and Allingham, James Urquhart and {Hern{\'a}ndez-Lobato}, Jos{\'e} Miguel},
  year = {2020},
  journal = {arXiv preprint arXiv:2006.08437}
}

@article{arlot2010survey,
  title = {A Survey of Cross-Validation Procedures for Model Selection},
  author = {Arlot, Sylvain and Celisse, Alain},
  year = {2010},
  volume = {4},
  pages = {40--79},
  publisher = {{The author, under a Creative Commons Attribution License}},
  journal = {Statistics surveys}
}

@article{arnez2020comparison,
  title = {A {{Comparison}} of {{Uncertainty Estimation Approaches}} in {{Deep Learning Components}} for {{Autonomous Vehicle Applications}}},
  author = {Arnez, Fabio and Espinoza, Huascar and Radermacher, Ansgar and Terrier, Fran{\c c}ois},
  year = {2020},
  journal = {arXiv preprint arXiv:2006.15172}
}

@article{ashukha2020pitfalls,
  title = {Pitfalls of {{In}}-{{Domain Uncertainty Estimation}} and {{Ensembling}} in {{Deep Learning}}},
  author = {Ashukha, Arsenii and Lyzhov, Alexander and Molchanov, Dmitry and Vetrov, Dmitry},
  year = {2020},
  archivePrefix = {arXiv},
  eprint = {2002.06470},
  eprinttype = {arxiv},
  journal = {arXiv:2002.06470 [cs, stat]},
  primaryClass = {cs, stat}
}

@inproceedings{barber1996finite,
  title = {Finite Size Effects in Neural Network Algorithms},
  author = {Barber, David},
  year = {1996}
}

@article{barber1998ensemble,
  ids = {barber1998ensemblea},
  title = {Ensemble Learning in {{Bayesian}} Neural Networks},
  author = {Barber, David and Bishop, Christopher M},
  year = {1998},
  volume = {168},
  pages = {215--238},
  publisher = {{Springer Verlag}},
  journal = {Nato ASI Series F Computer and Systems Sciences}
}

@article{betancourt2017conceptual,
  title = {A Conceptual Introduction to {{Hamiltonian Monte Carlo}}},
  author = {Betancourt, Michael},
  year = {2017},
  journal = {arXiv preprint arXiv:1701.02434}
}

@book{bishop2006pattern,
  title = {Pattern {{Recognition}} and {{Machine Learning}}},
  author = {Bishop, Christopher M},
  year = {2006},
  publisher = {{Springer}}
}

@article{blei2014build,
  title = {Build, Compute, Critique, Repeat: {{Data}} Analysis with Latent Variable Models},
  author = {Blei, David M},
  year = {2014},
  publisher = {{Annual Reviews}}
}

@article{blundell2015weight,
  title = {Weight Uncertainty in Neural Networks},
  author = {Blundell, Charles and Cornebise, Julien and Kavukcuoglu, Koray and Wierstra, Daan},
  year = {2015},
  journal = {arXiv preprint arXiv:1505.05424}
}

@book{box1973bayesian,
  title = {Bayesian Inference in Statistical Analysis},
  author = {Box, George E. P. and Tiao, George C.},
  year = {1973},
  publisher = {{Addison-Wesley Pub. Co.}},
  googlebooks = {oH0pAQAAMAAJ}
}

@article{camporeale2020estimation,
  title = {Estimation of {{Accurate}} and {{Calibrated Uncertainties}} in {{Deterministic}} Models},
  author = {Camporeale, Enrico and Car{\`e}, Algo},
  year = {2020},
  journal = {arXiv preprint arXiv:2003.05103}
}

@inproceedings{chaudhari2018stochastic,
  title = {Stochastic {{Gradient Descent Performs Variational Inference}}, {{Converges}} to {{Limit Cycles}} for {{Deep Networks}}},
  booktitle = {2018 {{Information Theory}} and {{Applications Workshop}} ({{ITA}})},
  author = {Chaudhari, Pratik and Soatto, Stefano},
  year = {2018},
  pages = {1--10}
}

@inproceedings{chen2014stochastic,
  title = {Stochastic Gradient Hamiltonian Monte Carlo},
  booktitle = {International Conference on Machine Learning},
  author = {Chen, Tianqi and Fox, Emily and Guestrin, Carlos},
  year = {2014},
  pages = {1683--1691}
}

@misc{crossvalidation,
  title = {Cross-{{Validation}} vs {{Bayesian Model Comparison}} - {{LessWrong}} 2.0},
  howpublished = {https://www.lesswrong.com/posts/vFom2WsZkqCJPWqvZ/cross-validation-vs-bayesian-model-comparison}
}

@article{cui2020calibrated,
  title = {Calibrated {{Reliable Regression}} Using {{Maximum Mean Discrepancy}}},
  author = {Cui, Peng and Hu, Wenbo and Zhu, Jun},
  year = {2020},
  journal = {arXiv preprint arXiv:2006.10255}
}

@article{denker1987large,
  title = {Large {{Automatic Learning}}, {{Rule Extraction}}, and {{Generalization}}},
  author = {Denker, John S. and Schwartz, Daniel B. and Wittner, Ben S. and Solla, Sara A. and Howard, Richard E. and Jackel, Lawrence D. and Hopfield, John J.},
  year = {1987},
  journal = {Complex Systems}
}

@inproceedings{denker1991transforming,
  title = {Transforming Neural-Net Output Levels to Probability Distributions},
  booktitle = {Advances in Neural Information Processing Systems},
  author = {Denker, John S and LeCun, Yann},
  year = {1991},
  pages = {853--859}
}

@article{draxler2018essentially,
  title = {Essentially No Barriers in Neural Network Energy Landscape},
  author = {Draxler, Felix and Veschgini, Kambis and Salmhofer, Manfred and Hamprecht, Fred A},
  year = {2018},
  journal = {arXiv preprint arXiv:1803.00885}
}

@inproceedings{duvenaud2016early,
  title = {Early Stopping as Nonparametric Variational Inference},
  booktitle = {Artificial {{Intelligence}} and {{Statistics}}},
  author = {Duvenaud, David and Maclaurin, Dougal and Adams, Ryan},
  year = {2016},
  pages = {1070--1077}
}

@inproceedings{flam-shepherd2017mapping,
  title = {Mapping {{Gaussian}} Process Priors to {{Bayesian}} Neural Networks},
  booktitle = {{{NIPS Bayesian}} Deep Learning Workshop},
  author = {{Flam-Shepherd}, Daniel and Requeima, James and Duvenaud, David},
  year = {2017}
}

@article{fong2020marginal,
  title = {On the Marginal Likelihood and Cross-Validation},
  author = {Fong, Edwin and Holmes, CC},
  year = {2020},
  volume = {107},
  pages = {489--496},
  publisher = {{Oxford University Press}},
  journal = {Biometrika}
}

@article{foong2019expressiveness,
  title = {On the {{Expressiveness}} of {{Approximate Inference}} in {{Bayesian Neural Networks}}},
  author = {Foong, Andrew YK and Burt, David R and Li, Yingzhen and Turner, Richard E},
  year = {2019},
  pages = {arXiv-1909},
  journal = {arXiv}
}

@article{foong2019inbetween,
  title = {'{{In}}-{{Between}}'{{Uncertainty}} in {{Bayesian Neural Networks}}},
  author = {Foong, Andrew YK and Li, Yingzhen and {Hern{\'a}ndez-Lobato}, Jos{\'e} Miguel and Turner, Richard E},
  year = {2019},
  journal = {arXiv preprint arXiv:1906.11537}
}

@article{fort2018goldilocks,
  title = {The {{Goldilocks}} Zone: {{Towards}} Better Understanding of Neural Network Loss Landscapes},
  author = {Fort, Stanislav and Scherlis, Adam},
  year = {2018},
  archivePrefix = {arXiv},
  eprint = {1807.02581},
  eprinttype = {arxiv},
  journal = {arXiv:1807.02581 [cs, stat]},
  primaryClass = {cs, stat}
}

@article{fort2019emergent,
  title = {Emergent Properties of the Local Geometry of Neural Loss Landscapes},
  author = {Fort, Stanislav and Ganguli, Surya},
  year = {2019},
  archivePrefix = {arXiv},
  eprint = {1910.05929},
  eprinttype = {arxiv},
  journal = {arXiv:1910.05929 [cs, stat]},
  primaryClass = {cs, stat}
}

@incollection{fort2019large,
  title = {Large {{Scale Structure}} of {{Neural Network Loss Landscapes}}},
  booktitle = {Advances in {{Neural Information Processing Systems}} 32},
  author = {Fort, Stanislav and Jastrzebski, Stanislaw},
  editor = {Wallach, H. and Larochelle, H. and Beygelzimer, A. and d{\textbackslash}textquotesingle {Alch{\'e}-Buc}, F. and Fox, E. and Garnett, R.},
  year = {2019},
  pages = {6709--6717},
  publisher = {{Curran Associates, Inc.}}
}

@article{fort2020deep,
  ids = {fort2020deepa},
  title = {Deep {{Ensembles}}: {{A Loss Landscape Perspective}}},
  author = {Fort, Stanislav and Hu, Huiyi and Lakshminarayanan, Balaji},
  year = {2020},
  archivePrefix = {arXiv},
  eprint = {1912.02757},
  eprinttype = {arxiv},
  journal = {arXiv:1912.02757 [cs, stat]},
  primaryClass = {cs, stat}
}

@article{frankle2019lottery,
  title = {{{THE LOTTERY TICKET HYPOTHESIS}}: {{FINDING SPARSE}}, {{TRAINABLE NEURAL NETWORKS}}},
  author = {Frankle, Jonathan and Carbin, Michael},
  year = {2019},
  pages = {42}
}

@article{franzese2020isotropic,
  title = {Isotropic {{SGD}}: A {{Practical Approach}} to {{Bayesian Posterior Sampling}}},
  author = {Franzese, Giulio and Candela, Rosa and Milios, Dimitrios and Filippone, Maurizio and Michiardi, Pietro},
  year = {2020},
  archivePrefix = {arXiv},
  eprint = {2006.05087},
  eprinttype = {arxiv},
  journal = {arXiv:2006.05087 [cs, stat]},
  primaryClass = {cs, stat}
}

@misc{frequently,
  title = {Frequently Asked Questions about {{Bayesian}} Methods for Neural Networks},
  howpublished = {http://www.inference.org.uk/mackay/Bayes\_FAQ.html\#gcv}
}

@article{gabry2019visualization,
  title = {Visualization in {{Bayesian}} Workflow},
  author = {Gabry, Jonah and Simpson, Daniel and Vehtari, Aki and Betancourt, Michael and Gelman, Andrew},
  year = {2019},
  volume = {182},
  pages = {389--402},
  copyright = {\textcopyright{} 2019 Royal Statistical Society},
  journal = {Journal of the Royal Statistical Society: Series A (Statistics in Society)}
}

@inproceedings{gal2016dropout,
  title = {Dropout as a Bayesian Approximation: {{Representing}} Model Uncertainty in Deep Learning},
  booktitle = {International Conference on Machine Learning},
  author = {Gal, Yarin and Ghahramani, Zoubin},
  year = {2016},
  pages = {1050--1059}
}

@article{gal2016uncertainty,
  title = {Uncertainty in Deep Learning},
  author = {Gal, Yarin},
  year = {2016},
  volume = {1},
  journal = {University of Cambridge}
}

@inproceedings{garipov2018loss,
  title = {Loss Surfaces, Mode Connectivity, and Fast Ensembling of Dnns},
  booktitle = {Advances in {{Neural Information Processing Systems}}},
  author = {Garipov, Timur and Izmailov, Pavel and Podoprikhin, Dmitrii and Vetrov, Dmitry P and Wilson, Andrew G},
  year = {2018},
  pages = {8789--8798}
}

@article{ghorbani2019investigation,
  title = {An Investigation into Neural Net Optimization via Hessian Eigenvalue Density},
  author = {Ghorbani, Behrooz and Krishnan, Shankar and Xiao, Ying},
  year = {2019},
  journal = {arXiv preprint arXiv:1901.10159}
}

@article{ghosh2017model,
  title = {Model Selection in {{Bayesian}} Neural Networks via Horseshoe Priors},
  author = {Ghosh, Soumya and {Doshi-Velez}, Finale},
  year = {2017},
  journal = {arXiv preprint arXiv:1705.10388}
}

@article{ghosh2019model,
  title = {Model {{Selection}} in {{Bayesian Neural Networks}} via {{Horseshoe Priors}}},
  author = {Ghosh, Soumya and Yao, Jiayu and {Doshi-Velez}, Finale},
  year = {2019},
  volume = {20},
  pages = {1--46},
  journal = {Journal of Machine Learning Research}
}

@incollection{goan2020bayesian,
  title = {Bayesian {{Neural Networks}}: {{An Introduction}} and {{Survey}}},
  booktitle = {Case {{Studies}} in {{Applied Bayesian Data Science}}},
  author = {Goan, Ethan and Fookes, Clinton},
  year = {2020},
  pages = {45--87},
  publisher = {{Springer}}
}

@article{goodfellow2015qualitatively,
  title = {Qualitatively Characterizing Neural Network Optimization Problems},
  author = {Goodfellow, Ian J. and Vinyals, Oriol and Saxe, Andrew M.},
  year = {2015},
  archivePrefix = {arXiv},
  eprint = {1412.6544},
  eprinttype = {arxiv},
  journal = {arXiv:1412.6544 [cs, stat]},
  primaryClass = {cs, stat}
}

@article{grant2018recasting,
  title = {Recasting {{Gradient}}-{{Based Meta}}-{{Learning}} as {{Hierarchical Bayes}}},
  author = {Grant, Erin and Finn, Chelsea and Levine, Sergey and Darrell, Trevor and Griffiths, Thomas},
  year = {2018},
  archivePrefix = {arXiv},
  eprint = {1801.08930},
  eprinttype = {arxiv},
  journal = {arXiv:1801.08930 [cs]},
  primaryClass = {cs}
}

@article{granziol2020gadam,
  title = {Gadam: {{Combining Adaptivity}} with {{Iterate Averaging Gives Greater Generalisation}}},
  author = {Granziol, Diego and Wan, Xingchen and Roberts, Stephen},
  year = {2020},
  archivePrefix = {arXiv},
  eprint = {2003.01247},
  eprinttype = {arxiv},
  journal = {arXiv:2003.01247 [cs, stat]},
  primaryClass = {cs, stat}
}

@inproceedings{graves2011practical,
  title = {Practical Variational Inference for Neural Networks},
  booktitle = {Advances in Neural Information Processing Systems},
  author = {Graves, Alex},
  year = {2011},
  pages = {2348--2356}
}

@article{guo2017calibration,
  title = {On Calibration of Modern Neural Networks},
  author = {Guo, Chuan and Pleiss, Geoff and Sun, Yu and Weinberger, Kilian Q},
  year = {2017},
  journal = {arXiv preprint arXiv:1706.04599}
}

@inproceedings{gustafsson2020evaluating,
  title = {Evaluating Scalable Bayesian Deep Learning Methods for Robust Computer Vision},
  booktitle = {Proceedings of the {{IEEE}}/{{CVF Conference}} on {{Computer Vision}} and {{Pattern Recognition Workshops}}},
  author = {Gustafsson, Fredrik K and Danelljan, Martin and Schon, Thomas B},
  year = {2020},
  pages = {318--319}
}

@article{hafner2018noise,
  title = {Noise Contrastive Priors for Functional Uncertainty},
  author = {Hafner, Danijar and Tran, Dustin and Lillicrap, Timothy and Irpan, Alex and Davidson, James},
  year = {2018},
  journal = {arXiv preprint arXiv:1807.09289}
}

@inproceedings{hinton1993keeping,
  title = {Keeping the Neural Networks Simple by Minimizing the Description Length of the Weights},
  booktitle = {Proceedings of the Sixth Annual Conference on {{Computational}} Learning Theory},
  author = {Hinton, Geoffrey E and Van Camp, Drew},
  year = {1993},
  pages = {5--13}
}

@article{hoffman2013stochastic,
  title = {Stochastic Variational Inference},
  author = {Hoffman, Matthew D and Blei, David M and Wang, Chong and Paisley, John},
  year = {2013},
  volume = {14},
  pages = {1303--1347},
  publisher = {{JMLR. org}},
  journal = {The Journal of Machine Learning Research}
}

@article{huang2017snapshot,
  title = {Snapshot {{Ensembles}}: {{Train}} 1, Get {{M}} for Free},
  author = {Huang, Gao and Li, Yixuan and Pleiss, Geoff and Liu, Zhuang and Hopcroft, John E. and Weinberger, Kilian Q.},
  year = {2017},
  archivePrefix = {arXiv},
  eprint = {1704.00109},
  eprinttype = {arxiv},
  journal = {arXiv:1704.00109 [cs]},
  primaryClass = {cs}
}

@article{huang2019understanding,
  title = {Understanding Generalization through Visualizations},
  author = {Huang, W Ronny and Emam, Zeyad and Goldblum, Micah and Fowl, Liam and Terry, Justin K and Huang, Furong and Goldstein, Tom},
  year = {2019},
  journal = {arXiv preprint arXiv:1906.03291}
}

@article{izmailov2019averaging,
  ids = {izmailov2018averaging},
  title = {Averaging {{Weights Leads}} to {{Wider Optima}} and {{Better Generalization}}},
  author = {Izmailov, Pavel and Podoprikhin, Dmitrii and Garipov, Timur and Vetrov, Dmitry and Wilson, Andrew Gordon},
  year = {2019},
  archivePrefix = {arXiv},
  eprint = {1803.05407},
  eprinttype = {arxiv},
  journal = {arXiv:1803.05407 [cs, stat]},
  primaryClass = {cs, stat}
}

@article{izmailov2019subspace,
  title = {Subspace Inference for {{Bayesian}} Deep Learning},
  author = {Izmailov, Pavel and Maddox, Wesley J and Kirichenko, Polina and Garipov, Timur and Vetrov, Dmitry and Wilson, Andrew Gordon},
  year = {2019},
  journal = {arXiv preprint arXiv:1907.07504}
}

@inproceedings{jacot2018neural,
  title = {Neural Tangent Kernel: {{Convergence}} and Generalization in Neural Networks},
  booktitle = {Advances in Neural Information Processing Systems},
  author = {Jacot, Arthur and Gabriel, Franck and Hongler, Cl{\'e}ment},
  year = {2018},
  pages = {8571--8580}
}

@article{jastrzebski2019relation,
  title = {On the {{Relation Between}} the {{Sharpest Directions}} of {{DNN Loss}} and the {{SGD Step Length}}},
  author = {Jastrz{\k{e}}bski, Stanis{\l}aw and Kenton, Zachary and Ballas, Nicolas and Fischer, Asja and Bengio, Yoshua and Storkey, Amos},
  year = {2019},
  archivePrefix = {arXiv},
  eprint = {1807.05031},
  eprinttype = {arxiv},
  journal = {arXiv:1807.05031 [cs, stat]},
  primaryClass = {cs, stat}
}

@article{jospin2020handson,
  title = {Hands-on {{Bayesian Neural Networks}}--a {{Tutorial}} for {{Deep Learning Users}}},
  author = {Jospin, Laurent Valentin and Buntine, Wray and Boussaid, Farid and Laga, Hamid and Bennamoun, Mohammed},
  year = {2020},
  journal = {arXiv preprint arXiv:2007.06823}
}

@incollection{kendall2017what,
  title = {What {{Uncertainties Do We Need}} in {{Bayesian Deep Learning}} for {{Computer Vision}}?},
  booktitle = {Advances in {{Neural Information Processing Systems}} 30},
  author = {Kendall, Alex and Gal, Yarin},
  editor = {Guyon, I. and Luxburg, U. V. and Bengio, S. and Wallach, H. and Fergus, R. and Vishwanathan, S. and Garnett, R.},
  year = {2017},
  pages = {5574--5584},
  publisher = {{Curran Associates, Inc.}}
}

@article{khan2018fast,
  ids = {khan2018fasta},
  title = {Fast and {{Scalable Bayesian Deep Learning}} by {{Weight}}-{{Perturbation}} in {{Adam}}},
  author = {Khan, Mohammad Emtiyaz and Nielsen, Didrik and Tangkaratt, Voot and Lin, Wu and Gal, Yarin and Srivastava, Akash},
  year = {2018},
  archivePrefix = {arXiv},
  eprint = {1806.04854},
  eprinttype = {arxiv},
  journal = {arXiv:1806.04854 [cs, stat]},
  primaryClass = {cs, stat}
}

@inproceedings{kingma2015variational,
  title = {Variational Dropout and the Local Reparameterization Trick},
  booktitle = {Advances in Neural Information Processing Systems},
  author = {Kingma, Durk P and Salimans, Tim and Welling, Max},
  year = {2015},
  pages = {2575--2583}
}

@article{krishnan2019specifying,
  title = {Specifying {{Weight Priors}} in {{Bayesian Deep Neural Networks}} with {{Empirical Bayes}}},
  author = {Krishnan, Ranganath and Subedar, Mahesh and Tickoo, Omesh},
  year = {2019},
  archivePrefix = {arXiv},
  eprint = {1906.05323},
  eprinttype = {arxiv},
  journal = {arXiv:1906.05323 [cs, stat]},
  primaryClass = {cs, stat}
}

@article{kucukelbir2017automatic,
  title = {Automatic Differentiation Variational Inference},
  author = {Kucukelbir, Alp and Tran, Dustin and Ranganath, Rajesh and Gelman, Andrew and Blei, David M},
  year = {2017},
  volume = {18},
  pages = {430--474},
  publisher = {{JMLR. org}},
  journal = {The Journal of Machine Learning Research}
}

@inproceedings{kucukelbir2017evaluating,
  title = {Evaluating {{Bayesian Models}} with {{Posterior Dispersion Indices}}},
  booktitle = {International {{Conference}} on {{Machine Learning}}},
  author = {Kucukelbir, Alp and Wang, Yixin and Blei, David M.},
  year = {2017},
  pages = {1925--1934},
  chapter = {Machine Learning}
}

@article{kuleshov2018accurate,
  ids = {kuleshov2018accuratea},
  title = {Accurate Uncertainties for Deep Learning Using Calibrated Regression},
  author = {Kuleshov, Volodymyr and Fenner, Nathan and Ermon, Stefano},
  year = {2018},
  journal = {arXiv preprint arXiv:1807.00263}
}

@inproceedings{lakshminarayanan2017simple,
  title = {Simple and Scalable Predictive Uncertainty Estimation Using Deep Ensembles},
  booktitle = {Advances in Neural Information Processing Systems},
  author = {Lakshminarayanan, Balaji and Pritzel, Alexander and Blundell, Charles},
  year = {2017},
  pages = {6402--6413}
}

@article{lampinen2001bayesian,
  title = {Bayesian Approach for Neural Networks\textemdash Review and Case Studies},
  author = {Lampinen, Jouko and Vehtari, Aki},
  year = {2001},
  volume = {14},
  pages = {257--274},
  publisher = {{Elsevier}},
  journal = {Neural networks}
}

@article{lee2017deep,
  title = {Deep Neural Networks as Gaussian Processes},
  author = {Lee, Jaehoon and Bahri, Yasaman and Novak, Roman and Schoenholz, Samuel S and Pennington, Jeffrey and {Sohl-Dickstein}, Jascha},
  year = {2017},
  journal = {arXiv preprint arXiv:1711.00165}
}

@article{lei2017crossvalidation,
  title = {Cross-{{Validation}} with {{Confidence}}},
  author = {Lei, Jing},
  year = {2017},
  archivePrefix = {arXiv},
  eprint = {1703.07904},
  eprinttype = {arxiv},
  journal = {arXiv:1703.07904 [stat]},
  primaryClass = {stat}
}

@article{levi2019evaluating,
  title = {Evaluating and Calibrating Uncertainty Prediction in Regression Tasks},
  author = {Levi, Dan and Gispan, Liran and Giladi, Niv and Fetaya, Ethan},
  year = {2019},
  journal = {arXiv preprint arXiv:1905.11659}
}

@article{li2018measuring,
  title = {Measuring the {{Intrinsic Dimension}} of {{Objective Landscapes}}},
  author = {Li, Chunyuan and Farkhoor, Heerad and Liu, Rosanne and Yosinski, Jason},
  year = {2018},
  archivePrefix = {arXiv},
  eprint = {1804.08838},
  eprinttype = {arxiv},
  journal = {arXiv:1804.08838 [cs, stat]},
  primaryClass = {cs, stat}
}

@inproceedings{li2018visualizing,
  title = {Visualizing the Loss Landscape of Neural Nets},
  booktitle = {Advances in {{Neural Information Processing Systems}}},
  author = {Li, Hao and Xu, Zheng and Taylor, Gavin and Studer, Christoph and Goldstein, Tom},
  year = {2018},
  pages = {6389--6399}
}

@incollection{louizos2019functional,
  title = {The {{Functional Neural Process}}},
  booktitle = {Advances in {{Neural Information Processing Systems}} 32},
  author = {Louizos, Christos and Shi, Xiahan and Schutte, Klamer and Welling, Max},
  editor = {Wallach, H. and Larochelle, H. and Beygelzimer, A. and d{\textbackslash}textquotesingle {Alch{\'e}-Buc}, F. and Fox, E. and Garnett, R.},
  year = {2019},
  pages = {8746--8757},
  publisher = {{Curran Associates, Inc.}}
}

@inproceedings{ma2015completea,
  title = {A Complete Recipe for Stochastic Gradient {{MCMC}}},
  booktitle = {Advances in {{Neural Information Processing Systems}}},
  author = {Ma, Yi-An and Chen, Tianqi and Fox, Emily},
  year = {2015},
  pages = {2917--2925}
}

@article{ma2019sampling,
  title = {Sampling Can Be Faster than Optimization},
  author = {Ma, Yi-An and Chen, Yuansi and Jin, Chi and Flammarion, Nicolas and Jordan, Michael I.},
  year = {2019},
  volume = {116},
  pages = {20881--20885},
  publisher = {{National Academy of Sciences}},
  chapter = {Physical Sciences},
  copyright = {Copyright \textcopyright{} 2019 the Author(s). Published by PNAS.. https://creativecommons.org/licenses/by-nc-nd/4.0/This open access article is distributed under Creative Commons Attribution-NonCommercial-NoDerivatives License 4.0 (CC BY-NC-ND).},
  journal = {Proceedings of the National Academy of Sciences},
  pmid = {31570618}
}

@inproceedings{ma2019variational,
  title = {Variational Implicit Processes},
  booktitle = {International {{Conference}} on {{Machine Learning}}},
  author = {Ma, Chao and Li, Yingzhen and {Hern{\'a}ndez-Lobato}, Jos{\'e} Miguel},
  year = {2019},
  pages = {4222--4233}
}

@article{mackay1992bayesian,
  title = {Bayesian Interpolation},
  author = {MacKay, David JC},
  year = {1992},
  volume = {4},
  pages = {415--447},
  publisher = {{MIT Press}},
  journal = {Neural computation}
}

@inproceedings{mackay1992bayesiana,
  title = {Bayesian Model Comparison and Backprop Nets},
  booktitle = {Advances in Neural Information Processing Systems},
  author = {MacKay, David JC},
  year = {1992},
  pages = {839--846}
}

@article{mackay1992informationbased,
  title = {Information-Based Objective Functions for Active Data Selection},
  author = {MacKay, David JC},
  year = {1992},
  volume = {4},
  pages = {590--604},
  publisher = {{MIT Press}},
  journal = {Neural computation}
}

@article{mackay1992practical,
  ids = {mackay1992practicala},
  title = {A Practical {{Bayesian}} Framework for Backpropagation Networks},
  author = {MacKay, David JC},
  year = {1992},
  volume = {4},
  pages = {448--472},
  publisher = {{MIT Press}},
  journal = {Neural computation}
}

@article{mackay1994hyperparameters,
  title = {Hyperparameters: Optimise or Integrate Out},
  author = {MacKay, David JC},
  year = {1994},
  publisher = {{Kluwer}},
  journal = {Maximum entropy and Bayesian methods}
}

@article{mackay1995bayesian,
  title = {Bayesian Methods for Neural Networks: {{Theory}} and Applications},
  author = {MacKay, David JC},
  year = {1995},
  publisher = {{Citeseer}}
}

@incollection{mackay1995developments,
  ids = {mackay1995developmentsa},
  title = {Developments in Probabilistic Modelling with Neural Networks\textemdash Ensemble Learning},
  booktitle = {Neural {{Networks}}: {{Artificial Intelligence}} and {{Industrial Applications}}},
  author = {MacKay, David JC},
  year = {1995},
  pages = {191--198},
  publisher = {{Springer}}
}

@inproceedings{mackay1995ensemble,
  title = {Ensemble Learning and Evidence Maximization},
  booktitle = {Proc. {{Nips}}},
  author = {MacKay, David JC},
  year = {1995},
  volume = {10},
  pages = {4083},
  publisher = {{Citeseer}}
}

@article{mackay1995probable,
  title = {Probable Networks and Plausible Predictions\textemdash a Review of Practical {{Bayesian}} Methods for Supervised Neural Networks},
  author = {MacKay, David JC},
  year = {1995},
  volume = {6},
  pages = {469--505},
  publisher = {{Taylor \& Francis}},
  journal = {Network: computation in neural systems}
}

@article{mackay1998introduction,
  title = {Introduction to {{Gaussian}} Processes},
  author = {MacKay, David JC},
  year = {1998},
  volume = {168},
  pages = {133--166},
  publisher = {{Citeseer}},
  journal = {NATO ASI Series F Computer and Systems Sciences}
}

@inproceedings{maddox2019simple,
  ids = {maddox2019simplea,maddox2019simpleb},
  title = {A Simple Baseline for Bayesian Uncertainty in Deep Learning},
  booktitle = {Advances in {{Neural Information Processing Systems}}},
  author = {Maddox, Wesley J and Izmailov, Pavel and Garipov, Timur and Vetrov, Dmitry P and Wilson, Andrew Gordon},
  year = {2019},
  pages = {13153--13164}
}

@article{maddox2020rethinking,
  title = {Rethinking {{Parameter Counting}} in {{Deep Models}}: {{Effective Dimensionality Revisited}}},
  author = {Maddox, Wesley J and Benton, Gregory and Wilson, Andrew Gordon},
  year = {2020},
  journal = {arXiv preprint arXiv:2003.02139}
}

@article{malinin2020regression,
  title = {Regression {{Prior Networks}}},
  author = {Malinin, Andrey and Chervontsev, Sergey and Provilkov, Ivan and Gales, Mark},
  year = {2020},
  archivePrefix = {arXiv},
  eprint = {2006.11590},
  eprinttype = {arxiv},
  journal = {arXiv:2006.11590 [cs, stat]},
  primaryClass = {cs, stat}
}

@article{mandt2017stochastic,
  ids = {mandt2017stochastica},
  title = {Stochastic Gradient Descent as Approximate Bayesian Inference},
  author = {Mandt, Stephan and Hoffman, Matthew D and Blei, David M},
  year = {2017},
  volume = {18},
  pages = {4873--4907},
  publisher = {{JMLR. org}},
  journal = {The Journal of Machine Learning Research}
}

@article{matthews2018gaussian,
  title = {Gaussian {{Process Behaviour}} in {{Wide Deep Neural Networks}}},
  author = {Matthews, Alexander G. de G. and Rowland, Mark and Hron, Jiri and Turner, Richard E. and Ghahramani, Zoubin},
  year = {2018},
  archivePrefix = {arXiv},
  eprint = {1804.11271},
  eprinttype = {arxiv},
  journal = {arXiv:1804.11271 [cs, stat]},
  primaryClass = {cs, stat}
}

@article{mescheder2018adversarial,
  title = {Adversarial {{Variational Bayes}}: {{Unifying Variational Autoencoders}} and {{Generative Adversarial Networks}}},
  author = {Mescheder, Lars and Nowozin, Sebastian and Geiger, Andreas},
  year = {2018},
  archivePrefix = {arXiv},
  eprint = {1701.04722},
  eprinttype = {arxiv},
  journal = {arXiv:1701.04722 [cs]},
  primaryClass = {cs}
}

@article{mitros2019validity,
  title = {On the {{Validity}} of {{Bayesian Neural Networks}} for {{Uncertainty Estimation}}},
  author = {Mitros, John and Mac Namee, Brian},
  year = {2019},
  journal = {arXiv preprint arXiv:1912.01530}
}

@inproceedings{moody1991note,
  title = {Note on Generalization, Regularization and Architecture Selection in Nonlinear Learning Systems},
  booktitle = {Neural {{Networks}} for {{Signal Processing Proceedings}} of the 1991 {{IEEE Workshop}}},
  author = {Moody, John E},
  year = {1991},
  pages = {1--10},
  publisher = {{IEEE}}
}

@book{murray2005note,
  title = {A Note on the Evidence and {{Bayesian Occam}}'s Razor},
  author = {Murray, Iain and Ghahramani, Zoubin},
  year = {2005}
}

@inproceedings{myshkov2016posterior,
  title = {Posterior Distribution Analysis for Bayesian Inference in Neural Networks},
  booktitle = {Workshop on {{Bayesian Deep Learning}}, {{NIPS}}},
  author = {Myshkov, Pavel and Julier, Simon},
  year = {2016}
}

@article{nakkiran2019deep,
  title = {Deep Double Descent: {{Where}} Bigger Models and More Data Hurt},
  author = {Nakkiran, Preetum and Kaplun, Gal and Bansal, Yamini and Yang, Tristan and Barak, Boaz and Sutskever, Ilya},
  year = {2019},
  journal = {arXiv preprint arXiv:1912.02292}
}

@phdthesis{nalisnick2018priors,
  title = {On {{Priors}} for {{Bayesian Neural Networks}}},
  author = {Nalisnick, Eric Thomas},
  year = {2018},
  school = {UC Irvine}
}

@inproceedings{nalisnick2019dropout,
  title = {Dropout as a Structured Shrinkage Prior},
  booktitle = {International {{Conference}} on {{Machine Learning}}},
  author = {Nalisnick, Eric and {Hern{\'a}ndez-Lobato}, Jos{\'e} Miguel and Smyth, Padhraic},
  year = {2019},
  pages = {4712--4722}
}

@book{neal1993probabilistic,
  title = {Probabilistic Inference Using {{Markov}} Chain {{Monte Carlo}} Methods},
  author = {Neal, Radford M},
  year = {1993},
  publisher = {{Department of Computer Science, University of Toronto Toronto, Ontario, Canada}}
}

@phdthesis{neal1995bayesian,
  title = {Bayesian Learning for Neural Networks},
  author = {Neal, Radford M},
  year = {1995},
  school = {University of Toronto}
}

@incollection{neal1998view,
  title = {A View of the {{EM}} Algorithm That Justifies Incremental, Sparse, and Other Variants},
  booktitle = {Learning in Graphical Models},
  author = {Neal, Radford M and Hinton, Geoffrey E},
  year = {1998},
  pages = {355--368},
  publisher = {{Springer}}
}

@article{oala2020interval,
  title = {Interval {{Neural Networks}}: {{Uncertainty Scores}}},
  author = {Oala, Luis and Hei{\ss}, Cosmas and Macdonald, Jan and M{\"a}rz, Maximilian and Samek, Wojciech and Kutyniok, Gitta},
  year = {2020},
  journal = {arXiv preprint arXiv:2003.11566}
}

@incollection{osawa2019practical,
  title = {Practical {{Deep Learning}} with {{Bayesian Principles}}},
  booktitle = {Advances in {{Neural Information Processing Systems}} 32},
  author = {Osawa, Kazuki and Swaroop, Siddharth and Khan, Mohammad Emtiyaz E and Jain, Anirudh and Eschenhagen, Runa and Turner, Richard E and Yokota, Rio},
  editor = {Wallach, H. and Larochelle, H. and Beygelzimer, A. and d{\textbackslash}textquotesingle {Alch{\'e}-Buc}, F. and Fox, E. and Garnett, R.},
  year = {2019},
  pages = {4287--4299},
  publisher = {{Curran Associates, Inc.}}
}

@inproceedings{ovadia2019can,
  title = {Can You Trust Your Model's Uncertainty? {{Evaluating}} Predictive Uncertainty under Dataset Shift},
  booktitle = {Advances in {{Neural Information Processing Systems}}},
  author = {Ovadia, Yaniv and Fertig, Emily and Ren, Jie and Nado, Zachary and Sculley, David and Nowozin, Sebastian and Dillon, Joshua and Lakshminarayanan, Balaji and Snoek, Jasper},
  year = {2019},
  pages = {13991--14002}
}

@article{pang2019neuralnetinduced,
  ids = {pang2019neuralnetinduceda},
  title = {Neural-Net-Induced {{Gaussian}} Process Regression for Function Approximation and {{PDE}} Solution},
  author = {Pang, Guofei and Yang, Liu and Karniadakis, George Em},
  year = {2019},
  volume = {384},
  pages = {270--288},
  publisher = {{Elsevier}},
  journal = {Journal of Computational Physics}
}

@incollection{pang2020physicsinformed,
  ids = {pang2020physicsinformeda},
  title = {Physics-{{Informed Learning Machines}} for {{Partial Differential Equations}}: {{Gaussian Processes Versus Neural Networks}}},
  booktitle = {Emerging {{Frontiers}} in {{Nonlinear Science}}},
  author = {Pang, Guofei and Karniadakis, George Em},
  year = {2020},
  pages = {323--343},
  publisher = {{Springer}}
}

@inproceedings{pearce2018highquality,
  title = {High-Quality Prediction Intervals for Deep Learning: {{A}} Distribution-Free, Ensembled Approach},
  booktitle = {International {{Conference}} on {{Machine Learning}}},
  author = {Pearce, Tim and Brintrup, Alexandra and Zaki, Mohamed and Neely, Andy},
  year = {2018},
  pages = {4075--4084}
}

@article{pearce2018uncertainty,
  title = {Uncertainty in {{Neural Networks}}: {{Approximately Bayesian Ensembling}}},
  author = {Pearce, Tim and Leibfried, Felix and Brintrup, Alexandra and Zaki, Mohamed and Neely, Andy},
  year = {2018},
  journal = {arXiv preprint arXiv:1810.05546}
}

@article{polson2017deep,
  title = {Deep {{Learning}}: {{A Bayesian Perspective}}},
  author = {Polson, Nicholas G. and Sokolov, Vadim},
  year = {2017},
  volume = {12},
  pages = {1275--1304},
  publisher = {{International Society for Bayesian Analysis}},
  journal = {Bayesian Analysis},
  mrnumber = {MR3724986},
  zmnumber = {06843075}
}

@misc{principled,
  title = {Towards {{A Principled Bayesian Workflow}}},
  howpublished = {https://betanalpha.github.io/assets/case\_studies/principled\_bayesian\_workflow.html}
}

@inproceedings{rao2008dangers,
  title = {On the {{Dangers}} of {{Cross}}-{{Validation}}. {{An Experimental Evaluation}}},
  booktitle = {Proceedings of the 2008 {{SIAM International Conference}} on {{Data Mining}}},
  author = {Rao, R. Bharat and Fung, Glenn and Rosales, Romer},
  year = {2008},
  pages = {588--596},
  publisher = {{Society for Industrial and Applied Mathematics}}
}

@inproceedings{rasmussen2001occam,
  title = {Occam's Razor},
  booktitle = {Advances in Neural Information Processing Systems},
  author = {Rasmussen, Carl Edward and Ghahramani, Zoubin},
  year = {2001},
  pages = {294--300}
}

@inproceedings{ritter2018scalable,
  title = {A Scalable Laplace Approximation for Neural Networks},
  booktitle = {6th {{International Conference}} on {{Learning Representations}}, {{ICLR}} 2018-{{Conference Track Proceedings}}},
  author = {Ritter, Hippolyt and Botev, Aleksandar and Barber, David},
  year = {2018},
  volume = {6},
  publisher = {{International Conference on Representation Learning}}
}

@inproceedings{robert2009computational,
  title = {Computational Methods for {{Bayesian}} Model Choice},
  booktitle = {Aip Conference Proceedings},
  author = {Robert, Christian P and Wraith, Darren},
  year = {2009},
  volume = {1193},
  pages = {251--262},
  publisher = {{American Institute of Physics}}
}

@misc{seeger2006bayesian,
  title = {Bayesian {{Modelling}} in {{Machine Learning}}: {{A Tutorial Review}}},
  author = {Seeger, Matthias},
  year = {2006},
  howpublished = {https://infoscience.epfl.ch/record/161462},
  journal = {Infoscience}
}

@article{simpson2015penalising,
  title = {Penalising Model Component Complexity: {{A}} Principled, Practical Approach to Constructing Priors},
  author = {Simpson, Daniel P. and Rue, H{\aa}vard and Martins, Thiago G. and Riebler, Andrea and S{\o}rbye, Sigrunn H.},
  year = {2015},
  archivePrefix = {arXiv},
  eprint = {1403.4630},
  eprinttype = {arxiv},
  journal = {arXiv:1403.4630 [stat]},
  primaryClass = {stat}
}

@inproceedings{snoek2012practical,
  title = {Practical Bayesian Optimization of Machine Learning Algorithms},
  booktitle = {Advances in Neural Information Processing Systems},
  author = {Snoek, Jasper and Larochelle, Hugo and Adams, Ryan P},
  year = {2012},
  pages = {2951--2959}
}

@article{sohl-dickstein2012hamiltonian,
  title = {Hamiltonian {{Annealed Importance Sampling}} for Partition Function Estimation},
  author = {{Sohl-Dickstein}, Jascha and Culpepper, Benjamin J.},
  year = {2012},
  archivePrefix = {arXiv},
  eprint = {1205.1925},
  eprinttype = {arxiv},
  journal = {arXiv:1205.1925 [physics]},
  primaryClass = {physics}
}

@article{song2019distribution,
  title = {Distribution Calibration for Regression},
  author = {Song, Hao and Diethe, Tom and Kull, Meelis and Flach, Peter},
  year = {2019},
  journal = {arXiv preprint arXiv:1905.06023}
}

@misc{standev,
  title = {Stan-Dev/Stan},
  howpublished = {https://github.com/stan-dev/stan},
  journal = {GitHub}
}

@article{sun2019functional,
  title = {Functional {{Variational Bayesian Neural Networks}}},
  author = {Sun, Shengyang and Zhang, Guodong and Shi, Jiaxin and Grosse, Roger},
  year = {2019},
  archivePrefix = {arXiv},
  eprint = {1903.05779},
  eprinttype = {arxiv},
  journal = {arXiv:1903.05779 [cs, stat]},
  primaryClass = {cs, stat}
}

@inproceedings{thiagarajan2020building,
  title = {Building {{Calibrated Deep Models}} via {{Uncertainty Matching}} with {{Auxiliary Interval Predictors}}.},
  booktitle = {{{AAAI}}},
  author = {Thiagarajan, Jayaraman J and Venkatesh, Bindya and Sattigeri, Prasanna and Bremer, Peer-Timo},
  year = {2020},
  pages = {6005--6012}
}

@inproceedings{thiagarajan2020learnbycalibrating,
  title = {Learn-by-Calibrating: {{Using}} Calibration as a Training Objective},
  booktitle = {{{ICASSP}} 2020-2020 {{IEEE International Conference}} on {{Acoustics}}, {{Speech}} and {{Signal Processing}} ({{ICASSP}})},
  author = {Thiagarajan, Jayaraman J and Venkatesh, Bindya and Rajan, Deepta},
  year = {2020},
  pages = {3632--3636},
  publisher = {{IEEE}}
}

@inproceedings{tishby1989consistent,
  title = {Consistent Inference of Probabilities in Layered Networks: {{Predictions}} and Generalization},
  booktitle = {International {{Joint Conference}} on {{Neural Networks}}},
  author = {Tishby, Naftali and Levin, Esther and Solla, Sara A},
  year = {1989},
  volume = {2},
  pages = {403--409}
}

@article{venkatesh2019heteroscedastic,
  title = {Heteroscedastic {{Calibration}} of {{Uncertainty Estimators}} in {{Deep Learning}}},
  author = {Venkatesh, Bindya and Thiagarajan, Jayaraman J},
  year = {2019},
  journal = {arXiv preprint arXiv:1910.14179}
}

@article{wang2018adversarial,
  title = {Adversarial {{Distillation}} of {{Bayesian Neural Network Posteriors}}},
  author = {Wang, Kuan-Chieh and Vicol, Paul and Lucas, James and Gu, Li and Grosse, Roger and Zemel, Richard},
  year = {2018},
  archivePrefix = {arXiv},
  eprint = {1806.10317},
  eprinttype = {arxiv},
  journal = {arXiv:1806.10317 [cs, stat]},
  primaryClass = {cs, stat}
}

@article{wang2019function,
  title = {Function Space Particle Optimization for {{Bayesian}} Neural Networks},
  author = {Wang, Ziyu and Ren, Tongzheng and Zhu, Jun and Zhang, Bo},
  year = {2019},
  journal = {arXiv preprint arXiv:1902.09754}
}

@article{wang2020survey,
  title = {A {{Survey}} on {{Bayesian Deep Learning}}},
  author = {Wang, Hao and Yeung, Dit-Yan},
  year = {2020},
  archivePrefix = {arXiv},
  eprint = {1604.01662},
  eprinttype = {arxiv},
  journal = {arXiv:1604.01662 [cs, stat]},
  primaryClass = {cs, stat}
}

@inproceedings{welling2011bayesian,
  ids = {welling2011bayesiana},
  title = {Bayesian Learning via Stochastic Gradient {{Langevin}} Dynamics},
  booktitle = {Proceedings of the 28th International Conference on Machine Learning ({{ICML}}-11)},
  author = {Welling, Max and Teh, Yee W},
  year = {2011},
  pages = {681--688}
}

@article{wenzel2020how,
  title = {How Good Is the Bayes Posterior in Deep Neural Networks Really?},
  author = {Wenzel, Florian and Roth, Kevin and Veeling, Bastiaan S and {\'S}wi{\k{a}}tkowski, Jakub and Tran, Linh and Mandt, Stephan and Snoek, Jasper and Salimans, Tim and Jenatton, Rodolphe and Nowozin, Sebastian},
  year = {2020},
  journal = {arXiv preprint arXiv:2002.02405}
}

@article{williams1995bayesian,
  title = {Bayesian Regularization and Pruning Using a {{Laplace}} Prior},
  author = {Williams, Peter M},
  year = {1995},
  volume = {7},
  pages = {117--143},
  publisher = {{MIT Press}},
  journal = {Neural computation}
}

@inproceedings{williams1997computing,
  ids = {williams1997computinga,williams1997computingb},
  title = {Computing with Infinite Networks},
  booktitle = {Advances in Neural Information Processing Systems},
  author = {Williams, Christopher KI},
  year = {1997},
  pages = {295--301}
}

@article{wilson2020bayesian,
  ids = {wilson2020bayesiana},
  title = {Bayesian {{Deep Learning}} and a {{Probabilistic Perspective}} of {{Generalization}}},
  author = {Wilson, Andrew Gordon and Izmailov, Pavel},
  year = {2020},
  archivePrefix = {arXiv},
  eprint = {2002.08791},
  eprinttype = {arxiv}
}

@article{wilson2020case,
  title = {The {{Case}} for {{Bayesian Deep Learning}}},
  author = {Wilson, Andrew Gordon},
  year = {2020},
  archivePrefix = {arXiv},
  eprint = {2001.10995},
  eprinttype = {arxiv},
  journal = {arXiv:2001.10995 [cs, stat]},
  primaryClass = {cs, stat}
}

@article{xing2018walk,
  title = {A {{Walk}} with {{SGD}}},
  author = {Xing, Chen and Arpit, Devansh and Tsirigotis, Christos and Bengio, Yoshua},
  year = {2018},
  archivePrefix = {arXiv},
  eprint = {1802.08770},
  eprinttype = {arxiv},
  journal = {arXiv:1802.08770 [cs, stat]},
  primaryClass = {cs, stat}
}

@article{yang2019outputconstrained,
  title = {Output-{{Constrained Bayesian Neural Networks}}},
  author = {Yang, Wanqian and Lorch, Lars and Graule, Moritz A and Srinivasan, Srivatsan and Suresh, Anirudh and Yao, Jiayu and Pradier, Melanie F and {Doshi-Velez}, Finale},
  year = {2019},
  journal = {arXiv preprint arXiv:1905.06287}
}

@article{yao2019quality,
  ids = {yao2019qualitya},
  title = {Quality of {{Uncertainty Quantification}} for {{Bayesian Neural Network Inference}}},
  author = {Yao, Jiayu and Pan, Weiwei and Ghosh, Soumya and {Doshi-Velez}, Finale},
  year = {2019},
  archivePrefix = {arXiv},
  eprint = {1906.09686},
  eprinttype = {arxiv},
  journal = {arXiv:1906.09686 [cs, stat]},
  primaryClass = {cs, stat}
}

@article{zelikman2020crude,
  title = {{{CRUDE}}: {{Calibrating Regression Uncertainty Distributions Empirically}}},
  author = {Zelikman, Eric and Healy, Christopher and Zhou, Sharon and Avati, Anand},
  year = {2020},
  archivePrefix = {arXiv},
  eprint = {2005.12496},
  eprinttype = {arxiv},
  journal = {arXiv:2005.12496 [cs, stat]},
  primaryClass = {cs, stat}
}

@article{zhang2019cyclical,
  title = {Cyclical Stochastic Gradient {{MCMC}} for {{Bayesian}} Deep Learning},
  author = {Zhang, Ruqi and Li, Chunyuan and Zhang, Jianyi and Chen, Changyou and Wilson, Andrew Gordon},
  year = {2019},
  journal = {arXiv preprint arXiv:1902.03932}
}

@inproceedings{zhao2018empirical,
  title = {An {{Empirical Evaluation}} of {{Bayesian Inference Methods}} for {{Bayesian Neural Networks}}},
  booktitle = {Rui {{Zhao}}},
  author = {Zhao, Rui and Ji, Qiang},
  year = {2018}
}

@article{zhao2020individual,
  title = {Individual {{Calibration}} with {{Randomized Forecasting}}},
  author = {Zhao, Shengjia and Ma, Tengyu and Ermon, Stefano},
  year = {2020},
  journal = {arXiv preprint arXiv:2006.10288}
}

@article{zhou2020estimating,
  title = {Estimating Uncertainty Intervals from Collaborating Networks},
  author = {Zhou, Tianhui and Li, Yitong and Wu, Yuan and Carlson, David},
  year = {2020},
  journal = {arXiv preprint arXiv:2002.05212}
}


