
@article{rotskoff2020learning,
  title = {Learning with Rare Data: {{Using}} Active Importance Sampling to Optimize Objectives Dominated by Rare Events},
  author = {Rotskoff, Grant M and {Vanden-Eijnden}, Eric},
  year = {2020},
  journal = {arXiv preprint arXiv:2008.06334}
}

@article{thiede2016eigenvector,
  title = {Eigenvector Method for Umbrella Sampling Enables Error Analysis},
  author = {Thiede, Erik H and Van Koten, Brian and Weare, Jonathan and Dinner, Aaron R},
  year = {2016},
  volume = {145},
  pages = {084115},
  publisher = {{AIP Publishing LLC}},
  journal = {The Journal of chemical physics}
}


