
@article{amini2019deep,
  title = {Deep {{Evidential Uncertainty}}},
  author = {Amini, Alexander and Schwarting, Wilko and Soleimany, Ava and Rus, Daniela},
  year = {2019}
}

@article{amini2020deep,
  title = {Deep {{Evidential Regression}}},
  author = {Amini, Alexander and Schwarting, Wilko and Soleimany, Ava and Rus, Daniela},
  year = {2020},
  pages = {11}
}

@book{bishop2006pattern,
  title = {Pattern Recognition and Machine Learning},
  author = {Bishop, Christopher M.},
  year = {2006},
  publisher = {{Springer}},
  lccn = {Q327 .B52 2006},
  series = {Information Science and Statistics}
}

@article{joo2020being,
  title = {Being {{Bayesian}} about {{Categorical Probability}}},
  author = {Joo, Taejong and Chung, Uijung and Seo, Min-Gwan},
  year = {2020},
  archivePrefix = {arXiv},
  eprint = {2002.07965},
  eprinttype = {arxiv},
  journal = {arXiv:2002.07965 [cs, stat]},
  primaryClass = {cs, stat}
}

@article{jordanconjugate,
  title = {The {{Conjugate Prior}} for the {{Normal Distribution}}},
  author = {Jordan, Michael I and Moldovan, Teodor Mihai},
  pages = {6}
}

@inproceedings{lau1988distributed,
  title = {Distributed {{Neural Information Processing}} in the {{Vestibulo}}-{{Ocular System}}},
  booktitle = {Neural {{Information Processing Systems}}},
  author = {Lau, Clifford and Honrubia, Vicente},
  editor = {Anderson, D.},
  year = {1988},
  pages = {457--466},
  publisher = {{American Institute of Physics}}
}

@article{mackay1992bayesian,
  title = {Bayesian Interpolation},
  author = {MacKay, David JC},
  year = {1992},
  volume = {4},
  pages = {415--447},
  publisher = {{MIT Press}},
  journal = {Neural computation}
}

@article{mackay1994hyperparameters,
  title = {Hyperparameters: Optimise or Integrate Out},
  author = {MacKay, David JC},
  year = {1994},
  publisher = {{Kluwer}},
  journal = {Maximum entropy and Bayesian methods}
}

@article{malinin2018predictive,
  title = {Predictive {{Uncertainty Estimation}} via {{Prior Networks}}},
  author = {Malinin, Andrey and Gales, Mark},
  year = {2018},
  archivePrefix = {arXiv},
  eprint = {1802.10501},
  eprinttype = {arxiv},
  journal = {arXiv:1802.10501 [cs, stat]},
  primaryClass = {cs, stat}
}

@phdthesis{malinin2019uncertainty,
  title = {Uncertainty {{Estimation}} in {{Deep Learning}} with Application to {{Spoken Language Assessment}}},
  author = {Malinin, Andrey},
  year = {2019},
  annotation = {Accepted: 2019-11-13T09:11:29Z},
  copyright = {All rights reserved},
  school = {University of Cambridge},
  type = {Thesis}
}

@article{murphyconjugate,
  title = {Conjugate {{Bayesian}} Analysis of the {{Gaussian}} Distribution},
  author = {Murphy, Kevin P},
  pages = {29}
}

@inproceedings{nix1994estimating,
  title = {Estimating the Mean and Variance of the Target Probability Distribution},
  booktitle = {Proceedings of 1994 {{IEEE International Conference}} on {{Neural Networks}} ({{ICNN}}'94)},
  author = {Nix, D. A. and Weigend, A. S.},
  year = {1994},
  volume = {1},
  pages = {55-60 vol.1}
}

@article{sensoy2018evidential,
  title = {Evidential {{Deep Learning}} to {{Quantify Classification Uncertainty}}},
  author = {Sensoy, Murat and Kaplan, Lance and Kandemir, Melih},
  year = {2018},
  pages = {11}
}


