
@inproceedings{aghasi2017nettrim,
  title = {Net-Trim: {{Convex}} Pruning of Deep Neural Networks with Performance Guarantee},
  booktitle = {Advances in {{Neural Information Processing Systems}}},
  author = {Aghasi, Alireza and Abdi, Afshin and Nguyen, Nam and Romberg, Justin},
  year = {2017},
  pages = {3177--3186}
}

@article{aghasi2020fast,
  title = {Fast {{Convex Pruning}} of {{Deep Neural Networks}}},
  author = {Aghasi, Alireza and Abdi, Afshin and Romberg, Justin},
  year = {2020},
  volume = {2},
  pages = {158--188},
  publisher = {{Society for Industrial and Applied Mathematics}},
  journal = {SIAM Journal on Mathematics of Data Science}
}

@book{goodfellow2016deep,
  title = {Deep Learning},
  author = {Goodfellow, Ian and Bengio, Yoshua and Courville, Aaron and Bengio, Yoshua},
  year = {2016},
  volume = {1},
  publisher = {{MIT press Cambridge}}
}

@article{han2015learning,
  title = {Learning Both Weights and Connections for Efficient Neural Network},
  author = {Han, Song and Pool, Jeff and Tran, John and Dally, William},
  year = {2015},
  volume = {28},
  pages = {1135--1143},
  journal = {Advances in neural information processing systems}
}


